@ARTICLE{8509143,
  author={Alzhouri, Fadi and Agarwal, Anjali and Liu, Yan},
  journal={IEEE Transactions on Cloud Computing}, 
  title={Maximizing Cloud Revenue using Dynamic Pricing of Multiple Class Virtual Machines}, 
  year={2021},
  volume={9},
  number={2},
  pages={682-695},
  doi={10.1109/TCC.2018.2878023}}
@article{schulman2017proximal,
  title={Proximal Policy Optimization Algorithms},
  author={Schulman, John and Wolski, Filip and Dhariwal, Prafulla and Radford, Alec and Klimov, Oleg},
  journal={arXiv preprint arXiv:1707.06347},
  year={2017}
}

